@book{campbell08,
author = "Neil A. Campbell and Jane B. Reece and Lisa A. Urry and Michael L. Cain and Steven A. Wasserman and Peter V. Minorsky and Robert B. Jackson.",
title = "Biology",
year = "2008",
edition = "Eighth",
publisher = "Pearson Benjamin Cummings"
}

@misc{youtube:taqExtension,
author = "User `dwildridge'",
title = "{{Taq Extension (test).wmv}}",
year = "2012",
url = "http://youtu.be/XXkG6m3yT1M"
}

@misc{youtube:PCR,
author = "User `DNALearningCentre'",
title = "{{Polymerase Chain Reaction (PCR)}}",
year = "2010",
url = "http://youtu.be/XXkG6m3yT1M"
}

@misc{genScienceCenter2012,
title = "{{PCR Virtual Lab}}",
year = "2012",
month = "August",
author = "{{Genetic Science Learning Center}}",
url = "http://learn.genetics.utah.edu/content/labs/pcr/"
}

@article{gamingRedefines2004,
title = "Gaming redefines interactivity for learning",
author = "Nick DeKanter",
year = "2004",
publisher = "Springer US",
journal = "TechTrends",
volume = "49",
number = "3",
pages = "26-31"
}

@manual{swingAPI,
title = "Java {{Swing API}} Summary",
organization = "Oracle",
url = "http://docs.oracle.com/javase/6/docs/api/javax/swing/package-summary.html"
}

@misc{swingTutorial,
title="Trail: Creating a GUI With JFC/Swing",
organization="Oracle",
url = "http://docs.oracle.com/javase/tutorial/uiswing/"
}

@misc{javafxOverview,
title="{{JavaFX}} Overview",
organization="Oracle",
url="http://docs.oracle.com/javafx/2/overview/jfxpub-overview.htm"
}